@INPROCEEDINGS{Dragan-RSS-12, 
AUTHOR    = {Anca Dragan AND Siddhartha Srinivasa}, 
TITLE     = {Formalizing Assistive Teleoperation}, 
BOOKTITLE = {Proceedings of Robotics: Science and Systems}, 
YEAR      = {2012}, 
ADDRESS   = {Sydney, Australia}, 
MONTH     = {July} 
} 

@INPROCEEDINGS{Gioioso-RSS-12, 
AUTHOR    = {Guido Gioioso AND Gionata Salvietti AND Monica Malvezzi AND Domenico Prattichizzo}, 
TITLE     = {An Object-Based Approach to Map Human Hand Synergies onto Robotic Hands with Dissimilar Kinematics}, 
BOOKTITLE = {Proceedings of Robotics: Science and Systems}, 
YEAR      = {2012}, 
ADDRESS   = {Sydney, Australia}, 
MONTH     = {July} 
} 

@INPROCEEDINGS{shon2005robotic,
title={Robotic imitation from human motion capture using gaussian processes},
author={Shon, Aaron P and Grochow, Keith and Rao, Rajesh PN},
booktitle={Humanoid Robots, 2005 5th IEEE-RAS International Conference on},
pages={129--134},
year={2005},
organization={IEEE}
}

@inproceedings{stulp2011learning,
  title={Learning motion primitive goals for robust manipulation},
  author={Stulp, Freek and Theodorou, Evangelos and Kalakrishnan, Mrinal and Pastor, Peter and Righetti, Ludovic and Schaal, Stefan},
  booktitle={Intelligent Robots and Systems (IROS), 2011 IEEE/RSJ International Conference on},
  pages={325--331},
  year={2011},
  organization={IEEE}
}

@INPROCEEDINGS{bjorkman2010active, 
author={Bj\"{o}rkman, M. and Kragic, D.}, 
booktitle={Robotics and Automation (ICRA), 2010 IEEE International Conference on}, 
title={Active 3D scene segmentation and detection of unknown objects}, 
year={2010}, 
pages={3114-3120}, 
keywords={image segmentation;stereo image processing;3D scene segmentation;active vision system;object hypotheses;stereo based fixation process;visual front end;visual scenes segmentation;Cameras;Humans;Image segmentation;Layout;Machine vision;Object detection;Robotics and automation;Robustness;Shape;USA Councils}, 
doi={10.1109/ROBOT.2010.5509973}, 
ISSN={1050-4729},}